%technical paper bibliography 


%article about cnns for nlp
@inproceedings{kim14,
	title = {Convolutional Neural Networks for Sentence Classification},
	author = {Kim, Yoon},
	booktitle = {Proceedings of the 2014 Conference on Empirical Methods in Natural Language Processing ({EMNLP})},
	month = {oct},
	year = {2014},
	address = {Doha, Qatar},
	publisher = {Association for Computational Linguistics},
	url = {https://aclanthology.org/D14-1181},
	doi = {10.3115/v1/D14-1181},
	pages = {1746--1751},
}

%fake news book
@book{shu19,
	author    = {Kai Shu and
	Huan Liu},
	title     = {Detecting Fake News on Social Media},
	series    = {Synthesis Lectures on Data Mining and Knowledge Discovery},
	publisher = {Morgan {\&} Claypool Publishers},
	year      = {2019},
	url       = {https://doi.org/10.2200/S00926ED1V01Y201906DMK018},
	doi       = {10.2200/S00926ED1V01Y201906DMK018},
	timestamp = {Wed, 07 Apr 2021 17:06:18 +0200},
	biburl    = {https://dblp.org/rec/series/synthesis/2019Shu.bib},
	bibsource = {dblp computer science bibliography, https://dblp.org}
}

%experience based semantics
@article{wang05,
title = {Experience-grounded semantics: a theory for intelligent systems},
journal = {Cognitive Systems Research},
volume = {6},
number = {4},
pages = {282-302},
year = {2005},
issn = {1389-0417},
doi = {https://doi.org/10.1016/j.cogsys.2004.08.003},
url = {https://www.sciencedirect.com/science/article/pii/S1389041704000373},
author = {Pei Wang},
keywords = {Model-theoretic semantics, Truth and meaning, Intelligent reasoning system, Insufficient knowledge and resources}
}

%text understanding from scratch
@article{zhang15,
	author    = {Xiang Zhang and
	Yann LeCun},
	title     = {Text Understanding from Scratch},
	journal   = {CoRR},
	volume    = {abs/1502.01710},
	year      = {2015},
	url       = {http://arxiv.org/abs/1502.01710},
	eprinttype = {arXiv},
	eprint    = {1502.01710},
	timestamp = {Fri, 13 Mar 2020 16:29:41 +0100},
	biburl    = {https://dblp.org/rec/journals/corr/ZhangL15.bib},
	bibsource = {dblp computer science bibliography, https://dblp.org}
}

